@book{ahuja,
author={Ravindra K. Ahuja and Thomas L. Magnanti and James Orlin},
title={Network Flows},
publisher={Prentice Hall},
year={1993},
isbn={9781297491764},
},

@article{armijo,
author={Larry Armijo},
title={Minimization of functions having {L}ipschitz continuous first partial derivatives},
journal={Pacific Journal of Mathematics},
year={1966},
volume={16},
number={1},
pages={1--3},
doi={10.2140/pjm.1966.16.1},
},

@book{bertsimas,
author={Dimitris Bertsimas and John N. Tsitsiklis},
title={Introduction to Linear Optimization},
publisher={Athena Scientific},
year={1997},
isbn={9781886529199},
},

@book{boyd,
author={Stephen Boyd and Lieven Vandenberghe},
title={Convex Optimization},
publisher={Cambridge University Press},
year={2004},
isbn={9780521833783},
url={https://web.stanford.edu/~boyd/cvxbook/},
},

@book{cheney,
author={E. Ward Cheney and David R. Kincaid},
title={Numerical Mathematics and Computing},
edition={6th},
publisher={Brooks Cole},
year={2007},
isbn={9780495114758},
},

@book{griva,
author={Igor Griva and Stephen G. Nash and Ariela Sofer},
title={Linear and Nonlinear Optimization},
edition={2nd},
publisher={Society for Industrial and Applied Mathematics},
year={2008},
isbn={9780898716610},
},

@book{hunter,
author={John Hunter and Bruno Nachtergaele},
title={Applied Analysis},
publisher={World Scientific},
year={2001},
isbn={9789810241919},
url={https://www.math.ucdavis.edu/~hunter/book/pdfbook.html},
},

@book{mml,
author={Marc Peter Deisenroth and A. Aldo Faisal and Cheng Soon Ong},
title={Mathematics for Machine Learning},
publisher={Cambridge University Press},
year={2020},
isbn={9781108455145},
url={https://mml-book.com},
},

@book{openstax1,
author={Edwin Herman and Gilbert Strang},
title={Calculus Volume 1},
publisher={OpenStax},
year={2016},
isbn={9781947172135},
url={https://openstax.org/details/books/calculus-volume-1},
},

@book{openstax2,
author={Edwin Herman and Gilbert Strang},
title={Calculus Volume 2},
publisher={OpenStax},
year={2016},
isbn={9781947172142},
url={https://openstax.org/details/books/calculus-volume-2},
},

@book{openstax3,
author={Edwin Herman and Gilbert Strang},
title={Calculus Volume 3},
publisher={OpenStax},
year={2016},
isbn={9781947172166},
url={https://openstax.org/details/books/calculus-volume-3},
},

@book{stewart,
author={James Stewart and Daniel K. Clegg and Saleem Watson},
title={Calculus: Early Transcendentals},
edition={9th},
publisher={Cengage Learning},
year={2020},
isbn={9781337613927},
},

@inproceedings{wolf,
author={Stephan Wolf},
title={An Introduction to Duality in Convex Optimziation},
booktitle={Proceedings of the Seminars Future Internet (FI) and Innovative Internet Technologies and Mobile Communications (IITM), Summer Semester 2011},
year={2011},
editor={Georg Carle and Corinna Schmitt},
pages={153--162},
publisher={Technical University of Munich},
url={https://www.doi.org/10.2313/NET-2011-07-2_20},
},
